@article{hero2019isrr,
  title={Towards Resilient Autonomous Navigation of Drones},
  author={{Angel Santamaria},  and {Rohan Thakker} and  {David d. Fan} and {Benjamin Morrell} and {Ali Agha}},
  journal={Proceedings of the International Symposium on Robotics Research},
  year={2019}
}
@article{hornung2013octomap,
  title={OctoMap: An efficient probabilistic 3D mapping framework based on octrees},
  author={Hornung, Armin and Wurm, Kai M and Bennewitz, Maren and Stachniss, Cyrill and Burgard, Wolfram},
  journal={Autonomous robots},
  volume={34},
  number={3},
  pages={189--206},
  year={2013},
  publisher={Springer}
}
@article{krusi2017driving,
  title={Driving on point clouds: Motion planning, trajectory optimization, and terrain assessment in generic nonplanar environments},
  author={Kr{\"u}si, Philipp and Furgale, Paul and Bosse, Michael and Siegwart, Roland},
  journal={Journal of Field Robotics},
  volume={34},
  number={5},
  pages={940--984},
  year={2017},
  publisher={Wiley Online Library}
}

@inproceedings{instantaneousPointclouds,
  title={High speed navigation for quadrotors with limited onboard sensing},
  author={Liu, Sikang and Watterson, Michael and Tang, Sarah and Kumar, Vijay},
  booktitle={2016 IEEE international conference on robotics and automation (ICRA)},
  pages={1484--1491},
  year={2016},
  organization={IEEE}
}

@article{barfoot2014associating,
  title={Associating uncertainty with three-dimensional poses for use in estimation problems},
  author={Barfoot, Timothy D and Furgale, Paul T},
  journal={IEEE Transactions on Robotics},
  volume={30},
  number={3},
  pages={679--693},
  year={2014},
  publisher={IEEE}
}

@article{se3unc,
  title={Characterizing the Uncertainty of Jointly Distributed Poses in the Lie Algebra},
  author={Mangelson, Joshua G and Ghaffari, Maani and Vasudevan, Ram and Eustice, Ryan M},
  journal={arXiv preprint arXiv:1906.07795},
  year={2019}
}

@inproceedings{sphericalImage,
  title={Fast and accurate computation of surface normals from range images},
  author={Badino, Hernan and Huber, Daniel and Park, Yongwoon and Kanade, Takeo},
  booktitle={2011 IEEE International Conference on Robotics and Automation},
  pages={3084--3091},
  year={2011},
  organization={IEEE}
}

@inproceedings{nanomap2018,
  title={Nanomap: Fast, uncertainty-aware proximity queries with lazy search over local 3d data},
  author={Florence, Peter R and Carter, John and Ware, Jake and Tedrake, Russ},
  booktitle={2018 IEEE International Conference on Robotics and Automation (ICRA)},
  pages={7631--7638},
  year={2018},
  organization={IEEE}
}

@inproceedings{InstPcWafr2016,
  title={Integrated perception and control at high speed: Evaluating collision avoidance maneuvers without maps},
  author={Florence, Pete and Carter, John and Tedrake, Russ},
  booktitle={Workshop on the Algorithmic Foundations of Robotics (WAFR)},
  year={2016}
}

@article{planeFitUnc2010,
  title={\href{https://www.researchgate.net/profile/Andreas_Birk2/publication/226125925_Uncertainty_Analysis_for_Optimum_Plane_Extraction_from_Noisy_3D_Range-Sensor_Point-Clouds/links/5671672208ae5252e6f3f2f2/Uncertainty-Analysis-for-Optimum-Plane-Extraction-from-Noisy-3D-Range-Sensor-Point-Clouds.pdf}{Uncertainty analysis for optimum plane extraction from noisy 3D range-sensor point-clouds}},
  author={Pathak, Kaustubh and Vaskevicius, Narunas and Birk, Andreas},
  journal={Intelligent Service Robotics},
  volume={3},
  number={1},
  pages={37},
  year={2010},
  url={},
  publisher={Springer}
}

@article{hyperfit2015,
  title={\href{https://arxiv.org/pdf/1508.02145.pdf}{Hyper-Fit: Fitting Linear Models to Multidimensional Data with Multivariate Gaussian Uncertainties}},
  author={Robotham, ASG and Obreschkow, Danail},
  journal={Publications of the Astronomical Society of Australia},
  volume={32},
  year={2015},
  publisher={Cambridge University Press}
}

@article{linearLeastSqReview2008,
  title={\href{https://www.atmos-chem-phys.net/8/5477/2008/acp-8-5477-2008.pdf}{Review of methods for linear least-squares fitting of data and application to atmospheric chemistry problems}},
  author={Cantrell, CA},
  journal={Atmospheric Chemistry and Physics},
  volume={8},
  number={17},
  pages={5477--5487},
  year={2008},
  publisher={Copernicus GmbH}
}

@article{hornung2013octomap,
  title={\href{https://static.springer.com/sgw/documents/1388515/application/pdf/10-5.pdf}{OctoMap: An efficient probabilistic 3D mapping framework based on octrees}},
  author={Hornung, Armin and Wurm, Kai M and Bennewitz, Maren and Stachniss, Cyrill and Burgard, Wolfram},
  journal={Autonomous robots},
  volume={34},
  number={3},
  pages={189--206},
  year={2013},
  publisher={Springer}
}
@article{agha2017CRM,
  title={\href{https://journals.sagepub.com/doi/pdf/10.1177/0278364919839762?casa_token=P-YkZBNz414AAAAA:VqAd-UmqefFnbnvPu29G7vcit9t9pwa5IL-X6I4A9uwy3y9DwV5hcXe3ovWlz6fpO3MlQ_ytbkPIIk8}{Confidence-rich grid mapping}},
  author={Agha-Mohammadi, Ali-Akbar and Heiden, Eric and Hausman, Karol and Sukhatme, Gaurav},
  journal={The International Journal of Robotics Research},
  pages={0278364919839762},
  year={2017},
  publisher={SAGE Publications Sage UK: London, England}
}